@inproceedings{Aldrich2008Talk,
	address = {Berlin, Heidelberg},
	author = {Aldrich, Frances},
	series = {Lecture {Notes} in {Computer} {Science}},
	booktitle = {Diagrammatic {Representation} and {Inference}},
	editor = {Stapleton, Gem and Howse, John and Lee, John},
	year = {2008},
	pages = {344--346},
	organization = {Springer},
	title = {Talk to the {Hand}: An {Agenda} for {Further} {Research} on {Tactile} {Graphics}},
}

@misc{AmakaNaked,
	author = {Amaka, Ofunne and Thomas, Amber},
	note = {Accessed: 2021-08-20},
	title = {The {Naked} {Truth}},
	howpublished = {https://pudding.cool/2021/03/foundation-names},
}

@techreport{BANA2010Guidelines,
	author = {{BANA}},
	year = {2010},
	note = {Accessed: 2021-09-03},
	institution = {Braille Authority of North America},
	title = {Guidelines and {Standards} for {Tactile} {Graphics}},
	type = {Braille {{Standard}}},
}

@article{Baker2016Tactile,
	address = {New York, NY, USA},
	author = {Baker, Catherine M. and Milne, Lauren R. and Drapeau, Ryan and Scofield, Jeffrey and Bennett, Cynthia L. and Ladner, Richard E.},
	journal = {ACM Trans. Access. Comput.},
	number = {1},
	year = {2016},
	month = {1},
	publisher = {Association for Computing Machinery},
	title = {Tactile graphics with a voice},
	volume = {8},
}

@article{Balaji2018Chart,
	author = {Balaji, Abhijit and Ramanathan, Thuvaarakkesh and Sonathi, Venkateshwarlu},
	journal = {arXiv Preprint},
	year = {2018},
	month = {12},
	note = {Accessed: 2021-09-06},
	title = {Chart-{Text}: A {Fully} {Automated} {Chart} {Image} {Descriptor}},
	howpublished = {http://arxiv.org/abs/1812.10636},
}

@inproceedings{Bennett2018Interdependence,
	address = {New York, NY, USA},
	author = {Bennett, Cynthia L. and Brady, Erin and Branham, Stacy M.},
	series = {ASSETS \textquoteright{}18},
	booktitle = {Proceedings of the 20th {International} {ACM} {SIGACCESS} {Conference} on {Computers} and {Accessibility}},
	year = {2018},
	month = {10},
	note = {Accessed: 2021-09-03},
	pages = {161--173},
	organization = {Association for Computing Machinery},
	title = {Interdependence as a {Frame} for {Assistive} {Technology} {Research} and {Design}},
}

@inbook{Bigham2010VizWiz,
	address = {New York, NY, USA},
	author = {Bigham, Jeffrey P. and Jayant, Chandrika and Ji, Hanjie and Little, Greg and Miller, Andrew and Miller, Robert C. and Miller, Robin and Tatarowicz, Aubrey and White, Brandyn and White, Samual and Yeh, Tom},
	booktitle = {Proceedings of the 23nd annual {ACM} symposium on {User} interface software and technology},
	year = {2010},
	month = {10},
	note = {Accessed: 2021-09-06},
	pages = {333--342},
	publisher = {Association for Computing Machinery},
	title = {VizWiz: Nearly real-time answers to visual questions},
}

@inproceedings{Bornschein2015Collaborative,
	address = {New York, NY, USA},
	author = {Bornschein, Jens and Prescher, Denise and Weber, Gerhard},
	series = {ASSETS \textquoteright{}15},
	booktitle = {Proceedings of the 17th {International} {ACM} {SIGACCESS} {Conference} on {Computers} & {Accessibility}},
	year = {2015},
	month = {10},
	pages = {117--126},
	organization = {Association for Computing Machinery},
	title = {Collaborative {Creation} of {Digital} {Tactile} {Graphics}},
}

@misc{Boudreau2018Unlocking,
	author = {Boudreau, Denis},
	year = {2018},
	month = {12},
	note = {Accessed: 2021-09-07},
	title = {Unlocking {Accessibility} for {UX}/{UI} {Designers}},
	howpublished = {https://www.24a11y.com/2018/unlocking-accessibility-for-ux-ui-designers/},
}

@article{Brangier2018Beyond,
	author = {Brangier, Eric and Urrutia, Josefina Gil and Senderowicz, V{\' e}ronique and Cessat, Laurent},
	journal = {Advances in Usability and User Experience},
	year = {2018},
	month = {6},
	title = {Beyond "{Usability} and {User} {Experience}" , {Towards} an {Integrative} {Heuristic} {Inspection}: From {Accessibility} to {Persuasiveness} in the {UX} {Evaluation} {A} {Case} {Study} on an {Insurance} {Prospecting} {Tablet} {Application}},
}

@article{Braun2006Using,
	author = {Braun, Virginia and Clarke, Victoria},
	journal = {Qualitative Research in Psychology},
	number = {2},
	year = {2006},
	pages = {77--101},
	publisher = {Routledge},
	title = {Using thematic analysis in psychology},
	volume = {3},
}

@article{Brewster2002Visualization,
	author = {Brewster, S.},
	journal = {Disability and Rehabilitation},
	number = {11-12},
	year = {2002},
	month = {8},
	pages = {613--621},
	title = {Visualization tools for blind people using multiple modalities},
	volume = {24},
}

@inproceedings{Brown2012VizTouch,
	address = {New York, NY, USA},
	author = {Brown, Craig and Hurst, Amy},
	series = {TEI \textquoteright{}12},
	booktitle = {Proceedings of the {Sixth} {International} {Conference} on {Tangible}, {Embedded} and {Embodied} {Interaction}},
	year = {2012},
	month = {2},
	note = {Accessed: 2021-09-03},
	pages = {131--138},
	organization = {Association for Computing Machinery},
	title = {VizTouch: Automatically generated tactile visualizations of coordinate spaces},
}

@inproceedings{Butler2021Technology,
	address = {New York, NY, USA},
	author = {Butler, Matthew and Holloway, Leona M and Reinders, Samuel and Goncu, Cagatay and Marriott, Kim},
	series = {CHI \textquoteright{}21},
	booktitle = {Proceedings of the 2021 {CHI} {Conference} on {Human} {Factors} in {Computing} {Systems}},
	year = {2021},
	month = {5},
	note = {Accessed: 2021-09-06},
	pages = {1--15},
	organization = {Association for Computing Machinery},
	title = {Technology {Developments} in {Touch}-{Based} {Accessible} {Graphics}: A {Systematic} {Review} of {Research} 2010-2020},
}

@misc{CanelonRevealing,
	author = {Canel{\' o}n, Silvia and Hare, Liz},
	note = {Accessed: 2021-09-06},
	title = {Revealing {Room} for {Improvement} in {Accessibility} within a {Social} {Media} {Data} {Visualization} {Learning} {Community}},
	howpublished = {https://silvia.rbind.io/talk/2021-05-04-data-viz-accessibility/},
}

@article{Chaparro2017Applications,
	author = {Chaparro, Alex and Chaparro, Maria},
	journal = {Ergonomics in Design},
	number = {1},
	year = {2017},
	month = {1},
	note = {Accessed: 2021-09-06},
	pages = {23--30},
	title = {Applications of {Color} in {Design} for {Color}-{Deficient} {Users}},
	volume = {25},
}

@inproceedings{Chen2019Neural,
	address = {New York, NY, USA},
	author = {Chen, Charles and Zhang, Ruiyi and Kim, Sungchul and Cohen, Scott and Yu, Tong and Rossi, Ryan and Bunescu, Razvan},
	series = {UbiComp/{ISWC} \textquoteright{}19 {Adjunct}},
	booktitle = {Adjunct {Proceedings} of the 2019 {ACM} {International} {Joint} {Conference} on {Pervasive} and {Ubiquitous} {Computing} and {Proceedings} of the 2019 {ACM} {International} {Symposium} on {Wearable} {Computers}},
	year = {2019},
	month = {9},
	note = {Accessed: 2021-09-06},
	pages = {482--485},
	organization = {Association for Computing Machinery},
	title = {Neural caption generation over figures},
}

@inproceedings{Chen2020Figure,
	author = {Chen, Charles and Zhang, Ruiyi and Koh, Eunyee and Kim, Sungchul and Cohen, Scott and Rossi, Ryan},
	booktitle = {2020 {IEEE} {Winter} {Conference} on {Applications} of {Computer} {Vision} ({WACV})},
	year = {2020},
	month = {3},
	note = {ISSN: 2642-9381},
	pages = {1526--1534},
	title = {Figure {Captioning} with {Relation} {Maps} for {Reasoning}},
}

@article{Choi2019Visualizing,
	author = {Choi, Jinho and Jung, Sanghun and Park, Deok Gun and Choo, Jaegul and Elmqvist, Niklas},
	journal = {Computer Graphics Forum},
	number = {3},
	year = {2019},
	note = {Accessed: 2021-09-03},
	pages = {249--260},
	title = {Visualizing for the {Non}-{Visual}: Enabling the {Visually} {Impaired} to {Use} {Visualization}},
	volume = {38},
}

@inproceedings{Chuan2015Usability,
	address = {Cham},
	author = {Chuan, Ngip Khean and Sivaji, Ashok and Ahmad, Wan Fatimah Wan},
	series = {Lecture {Notes} in {Computer} {Science}},
	booktitle = {Design, {User} {Experience}, and {Usability}: Design {Discourse}},
	editor = {Marcus, Aaron},
	year = {2015},
	pages = {138--148},
	organization = {Springer International Publishing},
	title = {Usability {Heuristics} for {Heuristic} {Evaluation} of {Gestural} {Interaction} in {HCI}},
}

@article{Chundury2022Towards,
	author = {Chundury, Pramod and Patnaik, Biswaksen and Reyazuddin, Yasmin and Tang, Christine and Lazar, Jonathan and Elmqvist, Niklas},
	journal = {IEEE transactions on visualization and computer graphics},
	number = {1},
	year = {2022},
	month = {1},
	pages = {1084--1094},
	title = {Towards {Understanding} {Sensory} {Substitution} for {Accessible} {Visualization}: An {Interview} {Study}},
	volume = {28},
}

@misc{Community2018Making,
	author = {Community, RStudio},
	year = {2018},
	month = {5},
	note = {Accessed: 2021-09-06},
	title = {Making {Shiny} apps accessible for all humans},
	howpublished = {https://community.rstudio.com/t/making-shiny-apps-accessible-for-all-humans/8458},
}

@inproceedings{Craft2005Beyond,
	author = {Craft, B. and Cairns, P.},
	booktitle = {Ninth {International} {Conference} on {Information} {Visualisation} ({IV}\textquoteright{}05)},
	year = {2005},
	month = {7},
	note = {ISSN: 2375-0138},
	pages = {110--118},
	title = {Beyond guidelines: What can we learn from the visual information seeking mantra?},
}

@inproceedings{Cullen2019Co,
	address = {New York, NY, USA},
	author = {Cullen, Clare and Metatla, Oussama},
	series = {IDC \textquoteright{}19},
	booktitle = {Proceedings of the 18th {ACM} {International} {Conference} on {Interaction} {Design} and {Children}},
	year = {2019},
	month = {6},
	note = {Accessed: 2021-09-06},
	pages = {361--373},
	organization = {Association for Computing Machinery},
	title = {Co-designing {Inclusive} {Multisensory} {Story} {Mapping} with {Children} with {Mixed} {Visual} {Abilities}},
}

@misc{DeMartiniCoin,
	author = {DeMartini, Chris},
	note = {Accessed: 2021-08-20},
	title = {Coin flip game.},
	howpublished = {https://public.tableau.com/views/CoinFlipGame/CoinFlipGame},
}

@misc{DeMartiniTableau,
	author = {DeMartini, Chris},
	note = {Accessed: 2021-09-03},
	title = {A {Tableau} {Accessibility} {Journey} - {Part} {IV} - {Keyboard} {Accessibility}},
	howpublished = {https://www.datablick.com/blog/2021/8/10/a-tableau-accessibility-journey-part-iv-keyboard-accessibility},
}

@misc{Deque2021Axe,
	author = {{Deque}},
	year = {2021},
	month = {8},
	note = {Accessed: 2021-08-20},
	title = {Axe-core},
}

@techreport{Deque2021Automated,
	author = {{Deque}},
	year = {2021},
	month = {3},
	note = {Accessed: 2021-09-06},
	institution = {Deque},
	title = {Automated {Testing} {Identifies} 57 {Percent} of {Digital} {Accessibility} {Issues}},
}

@misc{ElavskyChartability,
	author = {Elavsky, Frank},
	note = {Accessed: 2021-09-07},
	title = {Chartability},
	howpublished = {https://chartability.github.io/POUR-CAF/},
}

@article{Flowers1997Cross,
	author = {Flowers, John H. and Buhman, Dion C. and Turnage, Kimberly D.},
	journal = {Human Factors},
	number = {3},
	year = {1997},
	month = {9},
	note = {Accessed: 2021-09-03},
	pages = {341--351},
	title = {Cross-{Modal} {Equivalence} of {Visual} and {Auditory} {Scatterplots} for {Exploring} {Bivariate} {Data} {Samples}},
	volume = {39},
}

@inproceedings{Forsell2010heuristic,
	address = {New York, NY, USA},
	author = {Forsell, Camilla and Johansson, Jimmy},
	series = {AVI \textquoteright{}10},
	booktitle = {Proceedings of the {International} {Conference} on {Advanced} {Visual} {Interfaces}},
	year = {2010},
	month = {5},
	note = {Accessed: 2022-03-06},
	pages = {199--206},
	organization = {Association for Computing Machinery},
	title = {An heuristic set for evaluation in information visualization},
}

@misc{Forum2018Are,
	author = {Forum, Plotly Community},
	year = {2018},
	month = {2},
	note = {Accessed: 2021-09-06},
	title = {Are plotly tables accessible?},
	howpublished = {https://community.plotly.com/t/are-plotly-tables-accessible/8263},
}

@misc{Forum2019Datatables,
	author = {Forum, Plotly Community},
	year = {2019},
	month = {11},
	note = {Accessed: 2021-09-06},
	title = {Datatables and {Accessibility}},
	howpublished = {https://community.plotly.com/t/solved-datatables-and-accessibility/31085},
}

@article{Gallace2011To,
	author = {Gallace, A. and Spence, C.},
	journal = {Psychological bulletin},
	year = {2011},
	title = {To what extent do {Gestalt} grouping principles influence tactile perception?},
}

@book{Geldard1983Tactual,
	author = {Geldard, F. A. and Schiff, W. and Foulke, E.},
	year = {1983},
	publisher = {Cambridge University Press},
	title = {Tactual {Perception}: A {Source} {Book}},
}

@inbook{Godfrey2018Accessible,
	address = {Cham},
	author = {Godfrey, A. Jonathan R. and Murrell, Paul and Sorge, Volker},
	booktitle = {Computers {Helping} {People} with {Special} {Needs}},
	editor = {Miesenberger, Klaus and Kouroupetroglou, Georgios},
	year = {2018},
	note = {Accessed: 2021-10-12},
	pages = {590--597},
	publisher = {Springer International Publishing},
	title = {An {Accessible} {Interaction} {Model} for {Data} {Visualisation} in {Statistics}},
	volume = {10896},
}

@inproceedings{Gray2014Reprioritizing,
	address = {New York, NY, USA},
	author = {Gray, Colin M. and Stolterman, Erik and Siegel, Martin A.},
	series = {DIS \textquoteright{}14},
	booktitle = {Proceedings of the 2014 conference on {Designing} interactive systems},
	year = {2014},
	month = {6},
	pages = {725--734},
	organization = {Association for Computing Machinery},
	title = {Reprioritizing the relationship between {HCI} research and practice: Bubble-up and trickle-down effects},
}

@misc{HaleExtensive,
	author = {Hale, Jen},
	note = {Perkins Archives Blog, Perkins School for the Blind. July 2016. Accessed: 2022-02-23},
	title = {Extensive digitization of tactile map collection},
	howpublished = {https://www.perkins.org/extensive-digitization-of-tactile-map-collection/},
}

@misc{HighsoftFixed,
	author = {{Highsoft}},
	note = {Accessed: 2021-08-20},
	title = {Fixed placement columns  {Highcharts}.com},
	howpublished = {https://www.highcharts.com/demo/column-placement},
}

@misc{HighsoftHighcharts,
	author = {{Highsoft}},
	note = {Accessed: 2021-09-06},
	title = {Highcharts accessibility module},
	howpublished = {https://highcharts.com/docs/accessibility/accessibility-module},
}

@misc{Hoang2018TableauMagic,
	author = {Hoang, Toan},
	year = {2018},
	month = {9},
	note = {Accessed: 2021-09-03},
	title = {The {TableauMagic} {DataTables} {Extension}},
	howpublished = {https://tableau.toanhoang.com/the-tableau-magic-datatables-extension-now-available/},
}

@inproceedings{Hurst2013Making,
	address = {New York, NY, USA},
	author = {Hurst, Amy and Kane, Shaun},
	series = {IDC \textquoteright{}13},
	booktitle = {Proceedings of the 12th {International} {Conference} on {Interaction} {Design} and {Children}},
	year = {2013},
	month = {6},
	note = {Accessed: 2021-09-03},
	pages = {635--638},
	organization = {Association for Computing Machinery},
	title = {Making "making" accessible},
}

@misc{Initiative2021Web,
	author = {Initiative, Web Accessibility},
	year = {2021},
	month = {8},
	note = {Accessed: 2021-08-19},
	title = {Web {Accessibility} {Laws} & {Policies}},
	howpublished = {https://www.w3.org/WAI/policies/},
}

@misc{InitiativeWeb,
	author = {Initiative, Web Accessibility},
	note = {Accessed: 2021-09-03},
	title = {Web {Content} {Accessibility} {Guidelines} ({WCAG}) 2.1},
	howpublished = {https://www.w3.org/TR/WCAG21/},
}

@inproceedings{Irani2013Turkopticon,
	address = {New York, NY, USA},
	author = {Irani, Lilly C. and Silberman, M. Six},
	series = {CHI \textquoteright{}13},
	booktitle = {Proceedings of the {SIGCHI} conference on human factors in computing systems},
	year = {2013},
	pages = {611--620},
	organization = {Association for Computing Machinery},
	title = {Turkopticon: Interrupting worker invisibility in amazon mechanical turk},
}

@inbook{Jansen2015Opportunities,
	address = {New York, NY, USA},
	author = {Jansen, Yvonne and Dragicevic, Pierre and Isenberg, Petra and Alexander, Jason and Karnik, Abhijit and Kildal, Johan and Subramanian, Sriram and Hornb\ae{}k, Kasper},
	booktitle = {Proceedings of the 33rd {Annual} {ACM} {Conference} on {Human} {Factors} in {Computing} {Systems}},
	year = {2015},
	month = {4},
	note = {Accessed: 2021-09-03},
	pages = {3227--3236},
	publisher = {Association for Computing Machinery},
	title = {Opportunities and {Challenges} for {Data} {Physicalization}},
}

@inproceedings{Jayant2007Automated,
	address = {New York, NY, USA},
	author = {Jayant, Chandrika and Renzelmann, Matt and Wen, Dana and Krisnandi, Satria and Ladner, Richard and Comden, Dan},
	series = {Assets \textquoteright{}07},
	booktitle = {Proceedings of the 9th international {ACM} {SIGACCESS} conference on {Computers} and accessibility},
	year = {2007},
	month = {10},
	note = {Accessed: 2021-09-03},
	pages = {75--82},
	organization = {Association for Computing Machinery},
	title = {Automated tactile graphics translation: In the field},
}

@inproceedings{Joyce2016Mobile,
	address = {Cham},
	author = {Joyce, Ger and Lilley, Mariana and Barker, Trevor and Jefferies, Amanda},
	series = {Advances in {Intelligent} {Systems} and {Computing}},
	booktitle = {Advances in {Human} {Factors}, {Software}, and {Systems} {Engineering}},
	editor = {Amaba, Ben},
	year = {2016},
	pages = {77--86},
	organization = {Springer International Publishing},
	title = {Mobile {Application} {Usability}: Heuristic {Evaluation} and {Evaluation} of {Heuristics}},
}

@article{Jung2022Communicating,
	author = {Jung, Crescentia and Mehta, Shubham and Kulkarni, Atharva and Zhao, Yuhang and Kim, Yea-Seul},
	journal = {IEEE Transactions on Visualization and Computer Graphics},
	number = {1},
	year = {2022},
	month = {1},
	note = {Accessed: 2022-02-23},
	pages = {1095--1105},
	title = {Communicating {Visualizations} without {Visuals}: Investigation of {Visualization} {Alternative} {Text} for {People} with {Visual} {Impairments}},
	volume = {28},
}

@article{Kim2021Accessible,
	author = {Kim, N. W. and Joyner, S. C. and Riegelhuth, A. and Kim, Y.},
	journal = {Computer Graphics Forum},
	number = {3},
	year = {2021},
	pages = {173--188},
	title = {Accessible {Visualization}: Design {Space}, {Opportunities}, and {Challenges}},
	volume = {40},
}

@misc{KleinPower,
	author = {Klein, Rebecca},
	note = {Accessed: 2021-09-06},
	title = {Power {BI} {Accessibility} {Best} {Practices}},
	howpublished = {https://rklein324.github.io/PowerBIAccessibility/},
}

@article{Ladner2015Design,
	author = {Ladner, Richard E.},
	journal = {Interactions},
	number = {2},
	year = {2015},
	month = {2},
	note = {Accessed: 2022-03-07},
	pages = {24--29},
	title = {Design for user empowerment},
	volume = {22},
}

@inbook{Lai2020Automatic,
	address = {New York, NY, USA},
	author = {Lai, Chufan and Lin, Zhixian and Jiang, Ruike and Han, Yun and Liu, Can and Yuan, Xiaoru},
	booktitle = {Proceedings of the 2020 {CHI} {Conference} on {Human} {Factors} in {Computing} {Systems}},
	year = {2020},
	month = {4},
	note = {Accessed: 2021-09-06},
	pages = {1--13},
	publisher = {Association for Computing Machinery},
	title = {Automatic {Annotation} {Synchronizing} with {Textual} {Description} for {Visualization}},
}

@article{Lederman1986Perception,
	author = {Lederman, S. and Thorne, G. and Jones, B.},
	journal = {Journal of experimental psychology. Human perception and performance},
	year = {1986},
	title = {Perception of texture by vision and touch: Multidimensionality and intersensory integration.},
}

@article{Lee2020Reaching,
	author = {Lee, Bongshin and Choe, Eun Kyoung and Isenberg, Petra and Marriott, Kim and Stasko, John},
	journal = {IEEE Computer Graphics and Applications},
	number = {2},
	year = {2020},
	pages = {82--90},
	title = {Reaching broader audiences with data visualization},
	volume = {40},
}

@article{Lundgard2019Sociotechnical,
	author = {Lundgard, Alan and Lee, Crystal and Satyanarayan, Arvind},
	journal = {2019 IEEE Visualization Conference (VIS)},
	year = {2019},
	month = {9},
	title = {Sociotechnical {Considerations} for {Accessible} {Visualization} {Design}},
}

@article{Lundgard2022Accessible,
	author = {Lundgard, Alan and Satyanarayan, Arvind},
	journal = {IEEE Transactions on Visualization and Computer Graphics},
	number = {1},
	year = {2022},
	pages = {1073--1083},
	title = {Accessible visualization via natural language descriptions: A four-level model of semantic content},
	volume = {28},
}

@inproceedings{Mack2021What,
	address = {New York, NY, USA},
	author = {Mack, Kelly and McDonnell, Emma and Jain, Dhruv and Lu Wang, Lucy and E. Froehlich, Jon and Findlater, Leah},
	series = {CHI \textquoteright{}21},
	booktitle = {Proceedings of the 2021 {CHI} {Conference} on {Human} {Factors} in {Computing} {Systems}},
	year = {2021},
	month = {5},
	note = {Accessed: 2022-02-22},
	pages = {1--18},
	organization = {Association for Computing Machinery},
	title = {What {Do} {We} {Mean} by {"Accessibility} {Research"}? {A} {Literature} {Survey} of {Accessibility} {Papers} in {CHI} and {ASSETS} from 1994 to 2019},
}

@inproceedings{Mankoff2010Disability,
	address = {New York, NY, USA},
	author = {Mankoff, Jennifer and Hayes, Gillian R. and Kasnitz, Devva},
	series = {ASSETS \textquoteright{}10},
	booktitle = {Proceedings of the 12th international {ACM} {SIGACCESS} conference on {Computers} and accessibility},
	year = {2010},
	month = {10},
	note = {Accessed: 2021-09-06},
	pages = {3--10},
	organization = {Association for Computing Machinery},
	title = {Disability studies as a source of critical inquiry for the field of assistive technology},
}

@article{Mansur1985Sound,
	author = {Mansur, Douglass L. and Blattner, Merra M. and Joy, Kenneth I.},
	journal = {Journal of Medical Systems},
	number = {3},
	year = {1985},
	month = {6},
	note = {Accessed: 2021-09-03},
	pages = {163--174},
	title = {Sound graphs: A numerical data analysis method for the blind},
	volume = {9},
}

@misc{MapboxMapbox,
	author = {{Mapbox}},
	note = {Accessed: 2021-09-03},
	title = {Mapbox-gl js},
	howpublished = {https://www.npmjs.com/package/mapbox-gl},
}

@misc{Mapbox2021Mapbox,
	author = {{Mapbox}},
	year = {2021},
	month = {8},
	note = {Accessed: 2021-09-06},
	title = {Mapbox gl accessibility},
	howpublished = {https://github.com/mapbox/mapbox-gl-accessibility},
}

@article{Marriott2021Inclusive,
	author = {Marriott, Kim and Lee, Bongshin and Butler, Matthew and Cutrell, Ed and Ellis, Kirsten and Goncu, Cagatay and Hearst, Marti and McCoy, Kathleen and Szafir, Danielle Albers},
	journal = {Interactions},
	number = {3},
	year = {2021},
	month = {4},
	pages = {47--51},
	title = {Inclusive data visualization for people with disabilities: A call to action},
	volume = {28},
}

@article{Martinez2021Methodology,
	author = {Mart{\' i}nez, Rub{\' e}n Alcaraz and Turr{\' o}, Mireia Ribera and Saltiveri, Toni Granollers},
	journal = {Universal Access in the Information Society},
	year = {2021},
	month = {12},
	title = {Methodology for heuristic evaluation of the accessibility of statistical charts for people with low vision and color vision deficiency},
}

@misc{MazanecSemiotic,
	author = {Mazanec, Melanie},
	note = {Accessed: 2021-09-03},
	title = {Semiotic},
	howpublished = {https://semiotic.nteract.io/guides/accessibility},
}

@inproceedings{McGookin2006SoundBar,
	address = {New York, NY, USA},
	author = {McGookin, David K. and Brewster, Stephen A.},
	series = {NordiCHI \textquoteright{}06},
	booktitle = {Proceedings of the 4th {Nordic} conference on {Human}-computer interaction: Changing roles},
	year = {2006},
	month = {10},
	note = {Accessed: 2021-09-03},
	pages = {145--154},
	organization = {Association for Computing Machinery},
	title = {SoundBar: Exploiting multiple views in multimodal graph browsing},
}

@inproceedings{Moraes2014Evaluating,
	address = {New York, NY, USA},
	author = {Moraes, Priscilla and Sina, Gabriel and McCoy, Kathleen and Carberry, Sandra},
	series = {ASSETS \textquoteright{}14},
	booktitle = {Proceedings of the 16th international {ACM} {SIGACCESS} conference on {Computers} & accessibility},
	year = {2014},
	month = {10},
	pages = {83--90},
	organization = {Association for Computing Machinery},
	title = {Evaluating the accessibility of line graphs through textual summaries for visually impaired users},
}

@misc{Nielsen10,
	author = {Nielsen, Jakob},
	note = {Accessed: 2021-09-07},
	title = {10 {Usability} {Heuristics} for {User} {Interface} {Design}},
	howpublished = {https://www.nngroup.com/articles/ten-usability-heuristics/},
}

@inbook{Nielsen1994Heuristic,
	address = {USA},
	author = {Nielsen, Jakob},
	booktitle = {Usability inspection methods},
	year = {1994},
	month = {6},
	note = {Accessed: 2021-09-06},
	pages = {25--62},
	publisher = {John Wiley & Sons, Inc.},
	title = {Heuristic evaluation},
}

@article{Nunez2018Optimizing,
	author = {Nu{\~ n}ez, Jamie R. and Anderton, Christopher R. and Renslow, Ryan S.},
	journal = {PLOS ONE},
	number = {7},
	year = {2018},
	month = {8},
	title = {Optimizing colormaps with consideration for color vision deficiency to enable accurate interpretation of scientific data},
	volume = {13},
}

@article{Obeid2020Chart,
	annote = {Comment: 10 pages},
	author = {Obeid, Jason and Hoque, Enamul},
	journal = {arXiv Preprint},
	year = {2020},
	month = {11},
	note = {Accessed: 2021-09-06},
	title = {Chart-to-{Text}: Generating {Natural} {Language} {Descriptions} for {Charts} by {Adapting} the {Transformer} {Model}},
	howpublished = {http://arxiv.org/abs/2010.09142},
}

@article{Okoro2018Prevalence,
	author = {Okoro, CA and Hollis, ND and Cyrus, AC and Griffin-Blake, S.},
	journal = {Centers for Disease Control and Prevention MMWR},
	year = {2018},
	pages = {882--887},
	title = {Prevalence of disabilities and health care access by disability status and type among adults --- united states, 2016},
	volume = {67},
}

@article{Oliveira2013Towards,
	author = {Oliveira, Manuel M.},
	journal = {Computing in Science Engineering},
	number = {5},
	year = {2013},
	month = {9},
	note = {Conference Name: Computing in Science Engineering},
	pages = {80--87},
	title = {Towards {More} {Accessible} {Visualizations} for {Color}-{Vision}-{Deficient} {Individuals}},
	volume = {15},
}

@misc{Oliveira2017Adapting,
	author = {Oliveira, Maur{\' i}cio and Guimar{\~ a}es da Silva, Celmar},
	year = {2017},
	pages = {225--232},
	title = {Adapting {Heuristic} {Evaluation} to {Information} {Visualization} - {A} {Method} for {Defining} a {Heuristic} {Set} by {Heuristic} {Grouping}},
}

@misc{OrganizationWorld,
	author = {Organization, World Health},
	note = {Accessed: 2021-09-03},
	title = {World report on vision},
	howpublished = {https://www.who.int/publications-detail-redirect/9789241516570},
}

@inproceedings{Otey2017methodology,
	address = {New York, NY, USA},
	author = {Otey, Daniela Qui{\~ n}ones},
	series = {Interacci{\' o}n \textquoteright{}17},
	booktitle = {Proceedings of the {XVIII} {International} {Conference} on {Human} {Computer} {Interaction}},
	year = {2017},
	month = {9},
	pages = {1--2},
	organization = {Association for Computing Machinery},
	title = {A methodology to develop usability / user experience heuristics},
}

@inproceedings{Power2012Guidelines,
	address = {New York, NY, USA},
	author = {Power, Christopher and Freire, Andr{\' e} and Petrie, Helen and Swallow, David},
	series = {CHI \textquoteright{}12},
	booktitle = {Proceedings of the {SIGCHI} conference on human factors in computing systems},
	year = {2012},
	pages = {433--442},
	organization = {Association for Computing Machinery},
	title = {Guidelines are only half of the story: Accessibility problems encountered by blind users on the web},
}

@inbook{Qian2021Generating,
	address = {New York, NY, USA},
	author = {Qian, Xin and Koh, Eunyee and Du, Fan and Kim, Sungchul and Chan, Joel and Rossi, Ryan A. and Malik, Sana and Lee, Tak Yeon},
	booktitle = {Proceedings of the {Web} {Conference} 2021},
	year = {2021},
	month = {4},
	note = {Accessed: 2021-09-06},
	pages = {2792--2804},
	publisher = {Association for Computing Machinery},
	title = {Generating {Accurate} {Caption} {Units} for {Figure} {Captioning}},
}

@misc{SASSAS,
	author = {{SAS}},
	note = {Accessed: 2021-09-08},
	title = {SAS {Graphics} {Accelerator}},
	type = {Product},
	howpublished = {https://support.sas.com/software/products/graphics-accelerator/},
}

@misc{SanCOVID,
	author = {San Francisco, City},
	note = {Accessed: 2021-09-03},
	title = {COVID-19 data and reports  {San} {Francisco}},
	howpublished = {https://sf.gov/resource/2021/covid-19-data-and-reports},
}

@inproceedings{Santos2018Heuristic,
	author = {Santos, Beatriz Sousa and Silva, Samuel and Dias, Paulo},
	booktitle = {2018 {IEEE} {Evaluation} and {Beyond} - {Methodological} {Approaches} for {Visualization} ({BELIV})},
	year = {2018},
	month = {10},
	pages = {78--85},
	title = {Heuristic {Evaluation} in {Visualization}: An {Empirical} {Study} : Position paper},
}

@inproceedings{Schaadhardt2021Understanding,
	address = {New York, NY, USA},
	author = {Schaadhardt, Anastasia and Hiniker, Alexis and Wobbrock, Jacob O.},
	series = {CHI \textquoteright{}21},
	booktitle = {Proceedings of the 2021 {CHI} {Conference} on {Human} {Factors} in {Computing} {Systems}},
	year = {2021},
	month = {5},
	note = {Accessed: 2021-09-06},
	organization = {Association for Computing Machinery},
	title = {Understanding {Blind} {Screen}-{Reader} {Users’} {Experiences} of {Digital} {Artboards}},
}

@misc{SchepersWhy,
	author = {Schepers, Doug},
	note = {Accessed: 2021-09-06},
	title = {Why {Accessibility} {Is} at the {Heart} of {Data} {Visualization}  by {Doug} {Schepers}  {Nightingale}  {Medium}},
	howpublished = {https://medium.com/nightingale/accessibility-is-at-the-heart-of-data-visualization-64a38d6c505b},
}

@misc{SchneiderConstructing,
	author = {Schneider, Jochen},
	title = {Constructing the {Yellow} {Brick} {Road}: Route {Bricks} on {Virtual} {Tactile} {Maps}},
}

@article{Scholtz2011Developing,
	author = {Scholtz, Jean},
	journal = {Information Visualization},
	number = {3},
	year = {2011},
	month = {7},
	note = {Accessed: 2022-03-06},
	pages = {212--231},
	title = {Developing guidelines for assessing visual analytics environments},
	volume = {10},
}

@inproceedings{Sharif2021Understanding,
	address = {New York, NY, USA},
	author = {Sharif, Ather and Chintalapati, Sanjana Shivani and Wobbrock, Jacob O. and Reinecke, Katharina},
	series = {ASSETS \textquoteright{}21},
	booktitle = {The 23rd international {ACM} {SIGACCESS} conference on computers and accessibility},
	year = {2021},
	organization = {Association for Computing Machinery},
	title = {Understanding screen-reader users\textquoteright{} experiences with online data visualizations},
}

@inproceedings{Sharif2018evoGraphs,
	author = {Sharif, Ather and Forouraghi, Babak},
	booktitle = {2018 15th {IEEE} {Annual} {Consumer} {Communications} {Networking} {Conference} ({CCNC})},
	year = {2018},
	month = {1},
	note = {ISSN: 2331-9860},
	pages = {1--4},
	title = {evoGraphs --- {A} {jQuery} plugin to create web accessible graphs},
}

@inbook{Shi2016Tickers,
	address = {New York, NY, USA},
	author = {Shi, Lei and Zelzer, Idan and Feng, Catherine and Azenkot, Shiri},
	booktitle = {Proceedings of the 2016 {CHI} {Conference} on {Human} {Factors} in {Computing} {Systems}},
	year = {2016},
	month = {5},
	note = {Accessed: 2021-09-03},
	pages = {4896--4907},
	publisher = {Association for Computing Machinery},
	title = {Tickers and {Talker}: An {Accessible} {Labeling} {Toolkit} for 3D {Printed} {Models}},
}

@inproceedings{Slavkovic1999Novice,
	address = {New York, NY, USA},
	author = {Slavkovic, Aleksandra and Cross, Karen},
	series = {CHI {EA} \textquoteright{}99},
	booktitle = {CHI \textquoteright{}99 {Extended} {Abstracts} on {Human} {Factors} in {Computing} {Systems}},
	year = {1999},
	month = {5},
	pages = {304--305},
	organization = {Association for Computing Machinery},
	title = {Novice heuristic evaluations of a complex interface},
}

@inproceedings{Sorge2016Polyfilling,
	address = {Cham},
	author = {Sorge, Volker},
	series = {Lecture {Notes} in {Computer} {Science}},
	booktitle = {Computers {Helping} {People} with {Special} {Needs}},
	editor = {Miesenberger, Klaus and B{\" u}hler, Christian and Penaz, Petr},
	year = {2016},
	pages = {43--50},
	organization = {Springer International Publishing},
	title = {Polyfilling {Accessible} {Chemistry} {Diagrams}},
}

@techreport{South2021Detecting,
	author = {South, Laura and Saffo, David and Borkin, Michelle},
	year = {2021},
	month = {1},
	note = {Accessed: 2021-08-20},
	institution = {OSF Preprints},
	title = {Detecting and {Defending} {Against} {Seizure}-{Inducing} {GIFs} in {Social} {Media}},
}

@inproceedings{South2020Generating,
	author = {South, Laura and Borkin, Michelle},
	booktitle = {Proc. {Of} the {IEEE} {VIS} 2020 posters},
	year = {2020},
	month = {10},
	title = {Generating {Seizure}-{Inducing} {Sequences} with {Interactive} {Visualizations}},
}

@misc{SwanInclusive,
	author = {Swan, Henny and Pouncey, Ian and Pickering, Heydon and Watson, L{\' e}onie},
	note = {Accessed: 2021-09-07},
	title = {Inclusive {Design} {Principles}},
	howpublished = {https://inclusivedesignprinciples.org/},
}

@inproceedings{Szpiro2016How,
	address = {New York, NY, USA},
	author = {Szpiro, Sarit Felicia Anais and Hashash, Shafeka and Zhao, Yuhang and Azenkot, Shiri},
	series = {ASSETS \textquoteright{}16},
	booktitle = {Proceedings of the 18th international {ACM} {SIGACCESS} conference on computers and accessibility},
	year = {2016},
	pages = {171--180},
	organization = {Association for Computing Machinery},
	title = {How people with low vision access computing devices: Understanding challenges and opportunities},
}

@misc{USData,
	author = {{US Government, General Services Administration}},
	note = {Accessed: 2022-03-04},
	title = {Data visualizations  {U}.{S}. {Web} {Design} {System} ({USWDS})},
	howpublished = {https://designsystem.digital.gov/components/data-visualizations/},
}

@misc{USImproving,
	author = {{US Government, 10x}},
	note = {Accessed: 2022-03-04},
	title = {Improving {Accessibility} in {Data} {Visualizations} (formerly {USWDS} {Visualization} {Tool}) on 10x},
	howpublished = {https://trello.com/c/OOOres7a/63-improving-accessibility-in-data-visualizations-formerly-uswds-visualization-tool},
}

@misc{VisaVisa,
	author = {{Visa}},
	note = {Accessed: 2021-09-06},
	title = {Visa {Chart} {Components}},
	howpublished = {https://github.com/visa/visa-chart-components},
}

@techreport{WAI2019Accessibility,
	author = {{WAI}},
	year = {2019},
	note = {Accessed: 2021-09-06},
	institution = {W3C},
	title = {Accessibility principles},
	type = {{{WCAG}} {{Standard}}},
}

@techreport{WAI2021W3C,
	author = {{WAI}},
	year = {2021},
	note = {Accessed: 2022-03-04},
	institution = {W3C},
	title = {W3C {Accessibility} {Guidelines} ({WCAG}) 3.0},
	type = {{{WCAG}} {{Standard}}},
}

@misc{WebAIMWebAIM,
	author = {{WebAIM}},
	note = {Accessed: 2021-09-03},
	title = {WebAIM: The {WebAIM} {Million} - {An} annual accessibility analysis of the top 1,000,000 home pages},
	howpublished = {https://webaim.org/projects/million/\textbackslash{}#wcag},
}

@misc{Wheatcroft2020Making,
	author = {Wheatcroft, Simon},
	year = {2020},
	month = {6},
	note = {Accessed: 2021-09-06},
	title = {Making {Graphs} {And} {Plots} {Accessible} {For} {The} {Blind}},
	howpublished = {https://andadapt.com/making-graphs-and-plots-accessible-for-the-blind/},
}

@article{Wobbrock2011Ability,
	author = {Wobbrock, Jacob O. and Kane, Shaun K. and Gajos, Krzysztof Z. and Harada, Susumu and Froehlich, Jon},
	journal = {ACM Transactions on Accessible Computing},
	number = {3},
	year = {2011},
	month = {4},
	note = {Accessed: 2021-09-07},
	pages = {9:1--9:27},
	title = {Ability-{Based} {Design}: Concept, {Principles} and {Examples}},
	volume = {3},
}

@inproceedings{Wu2021Understanding,
	address = {New York, NY, USA},
	author = {Wu, Keke and Petersen, Emma and Ahmad, Tahmina and Burlinson, David and Tanis, Shea and Szafir, Danielle Albers},
	series = {CHI \textquoteright{}21},
	booktitle = {Proceedings of the 2021 {CHI} {Conference} on {Human} {Factors} in {Computing} {Systems}},
	year = {2021},
	month = {5},
	note = {Accessed: 2021-09-03},
	pages = {1--16},
	organization = {Association for Computing Machinery},
	title = {Understanding {Data} {Accessibility} for {People} with {Intellectual} and {Developmental} {Disabilities}},
}

@article{Xiong2020Curse,
	author = {Xiong, Cindy and Van Weelden, Lisanne and Franconeri, Steven},
	journal = {IEEE Transactions on Visualization and Computer Graphics},
	number = {10},
	year = {2020},
	month = {10},
	note = {Conference Name: IEEE Transactions on Visualization and Computer Graphics},
	pages = {3051--3062},
	title = {The {Curse} of {Knowledge} in {Visual} {Data} {Communication}},
	volume = {26},
}

@article{Zhao2008Data,
	author = {Zhao, Haixia and Plaisant, Catherine and Shneiderman, Ben and Lazar, Jonathan},
	journal = {ACM Transactions on Computer-Human Interaction},
	number = {1},
	year = {2008},
	month = {5},
	title = {Data {Sonification} for {Users} with {Visual} {Impairment}: A {Case} {Study} with {Georeferenced} {Data}},
	volume = {15},
}

